[gd_scene load_steps=3 format=2]

[ext_resource path="res://blokoj/kosmostacio/resursoj/CapKosmostacioResursoj/hangar.blue.glb" type="PackedScene" id=1]

[sub_resource type="Environment" id=1]
background_mode = 2

[node name="Spatial" type="Spatial"]

[node name="hangarblue" parent="." instance=ExtResource( 1 )]
transform = Transform( 1, 0, 0, 0, 1, 0, 0, 0, 1, -2.71539, 0.0858514, -6.76063 )

[node name="Camera2" type="Camera" parent="hangarblue"]
transform = Transform( 1, 0, 0, 0, 1, 0, 0, 0, 1, 2.83051, 9.5474, 98.876 )
far = 150.0

[node name="WorldEnvironment" type="WorldEnvironment" parent="."]
environment = SubResource( 1 )

[node name="OmniLight" type="OmniLight" parent="."]
transform = Transform( 1, 0, 0, 0, 1, 0, 0, 0, 1, 0, 11.9378, 32.1717 )
omni_range = 85.143

[node name="OmniLight1" type="OmniLight" parent="OmniLight"]
transform = Transform( 1, 0, 0, 0, 1, 0, 0, 0, 1, 25.9564, 6.28752, -51.3361 )
omni_range = 18.8446

[node name="OmniLight2" type="OmniLight" parent="OmniLight/OmniLight1"]
transform = Transform( 1, 0, 0, 0, 1, 0, 0, 0, 1, -56.633, 0, 0 )
omni_range = 18.8446

[node name="OmniLight3" type="OmniLight" parent="OmniLight"]
transform = Transform( 1, 0, 0, 0, 1, 0, 0, 0, 1, 25.9564, 6.28752, -26.8447 )
omni_range = 18.8446

[node name="OmniLight4" type="OmniLight" parent="OmniLight/OmniLight3"]
transform = Transform( 1, 0, 0, 0, 1, 0, 0, 0, 1, -56.633, 0, 0 )
omni_range = 18.8446

[node name="OmniLight5" type="OmniLight" parent="OmniLight"]
transform = Transform( 1, 0, 0, 0, 1, 0, 0, 0, 1, 25.9564, 6.28752, -1.99364 )
omni_range = 18.8446

[node name="OmniLight6" type="OmniLight" parent="OmniLight/OmniLight5"]
transform = Transform( 1, 0, 0, 0, 1, 0, 0, 0, 1, -56.633, 0, 0 )
omni_range = 18.8446

[node name="OmniLight7" type="OmniLight" parent="OmniLight"]
transform = Transform( 1, 0, 0, 0, 1, 0, 0, 0, 1, 25.9564, 6.28752, 23.0017 )
visible = false
omni_range = 18.8446

[node name="OmniLight8" type="OmniLight" parent="OmniLight/OmniLight7"]
transform = Transform( 1, 0, 0, 0, 1, 0, 0, 0, 1, -56.633, 0, 0 )
visible = false
omni_range = 18.8446

[node name="OmniLight9" type="OmniLight" parent="OmniLight"]
transform = Transform( 1, 0, 0, 0, 1, 0, 0, 0, 1, 25.9564, 6.28752, 47.9789 )
visible = false
omni_range = 18.8446

[node name="OmniLight10" type="OmniLight" parent="OmniLight/OmniLight9"]
transform = Transform( 1, 0, 0, 0, 1, 0, 0, 0, 1, -56.633, 0, 0 )
visible = false
omni_range = 18.8446

[node name="OmniLight11" type="OmniLight" parent="OmniLight"]
transform = Transform( 1, 0, 0, 0, 1, 0, 0, 0, 1, 25.9564, 6.28752, 73.8658 )
visible = false
omni_range = 18.8446

[node name="OmniLight12" type="OmniLight" parent="OmniLight/OmniLight11"]
transform = Transform( 1, 0, 0, 0, 1, 0, 0, 0, 1, -56.633, 0, 0 )
visible = false
omni_range = 18.8446
